@article{SLaszlo,
	title={Mozgáskoordináció- és gyorsaságfejlesztő gyakorlatok óvodától a felnőtt korig},
	author={Somodi László},
	pages={186},
	year={2003},
	publisher={Baráti Bőrlabda Football Club}
}
@misc{MTI,
	title = {Európában egyedülálló az időseket segítő Gondosóra program},
	howpublished = {\url{http://medicalonline.hu/informatika/cikk/europaban_egyedulallo_az_idoseket_segito_gondosora_program}},
	note = {Accessed: 2023-01-26}
}
@book{hejlsberg2003c,
	title={C\# language specification},
	author={Hejlsberg, Anders and Wiltamuth, Scott and Golde, Peter},
	year={2003},
	publisher={Addison-Wesley Longman Publishing Co., Inc.}
}
@misc{modernUI,
	author = {RJ Code Advance EN},
	title = {{Modern Flat UI, Random MultiColor, Highlight button-Active Form, WinForm, C#, V-0.1}},
	howpublished = "\url{https://youtu.be/BtOEztT1Qzk}",
	year = {2020}
}
@article{uri,
	title={Uniform resource identifier (URI): Generic syntax},
	author={Berners-Lee, Tim and Fielding, Roy and Masinter, Larry},
	year={2005}
}